@book{API,
  title={API Architecture},
  author={Biehl, M.},
  url={https://books.google.ba/books?id=6D64DwAAQBAJ},
  year={2015},
  publisher={CreateSpace Independent Publishing Platform}
}
@misc{Tyler2024,
  title = {ASP.NET MVC Tutorial for Beginners: What is, Architecture},
  author = {Christina Tyler},
  year = {2024},
  note = {\url{https://www.guru99.com/asp-net-mvc-tutorial.html} (Pristupano: 12.7.2024.)}
}
